@article{OSCputticorded,
  title="Finite Element Approximation of the Diffusion Operator on Tetrahedra",
  author="Putti , M. and Cordes , C.",
journal = "Society for Industrial and Applied Mathematics",  
volume = "19",
  year="1998",
  pages = "1154--1168"
}


@article{Bank:FVSG,
  title="Numerical Methods for Semiconductor Device Simulation",
  author="Bank , R. E. and Rose , D. J. and Fichtner , W",
journal = "SIAM J. Sci. Stat.",  
volume = "4",
  year="1983",
  pages = "416--514"
}

@article{Bank:FEvsBOX,
  title="The Finite Volume Scharfetter-Gummel Method for Steady Convection Diffusion Equations",
  author="Bank , R. E. and Coughran , W. M. and Cowsar , L. C.",
journal = "Computing and Visualization in Science",  
volume = "1",
  year="1998",
  pages = "123--136"
}

@article{Bank:Upwinding,
  title="Some Upwinding Techniques for Finite Element Approximations of Convection-Diffusion equations",
  author="Bank , R. E. and Burgler , J. F. and Fichtner , W. and Smith , R. K.",
journal = "Numer. Math.",  
volume = "58",
  year="1990",
  pages = "185--202"
}

@article{VanOverII,
  title="Measurement of the Ionization Rates in Diffused Silicon p-n Junctions",
  author="van Overstraeten , R. and de Man , H.",
journal = "Solid-State Electronics",  
volume = "13",
  year="1970",
  pages = "583--608"
}

@article{Cynoweth,
  title="Ionization Rates for Electrons and Holes in Silicon",
  author="Chynoweth , A. G.",
journal = "Physical Review",  
volume = "109",
  year="1958",
  pages = "1537--1540"
}

@article{Lochmann,
  title="Phonon-Assisted Auger Recombination in Si with Direct Calclation of the Overlap Integrals",
  author="Lochmann , W. and Haug , A.",
journal = "Solid State Communications",  
volume = "35",
  year="1980",
  pages = "553--556"
}

@article{VanOver:SRH,
  title="Minority Carrier Recombination in Heavily-Doped Silicon",
  author="Van Overstraeten , R. and Tyagi , M. S.",
journal = "Solid-State Electronics",  
volume = "26",
  year="1983",
  pages = "577--597"
}

@article{Lombardi:MobConst,
  title="A Physically Based Mobility Model for Numerical Simulation of Nonplanar Devices",
  author="Lombardi , C.",
journal = "IEEE Transactions on Computer-Aided Design",  
volume = "7",
  year="1988",
  pages = "1164--1171"
}

@article{Masetti:MobDop,
  title="Modeling of Carrier Mobility Against Carrier Concentration in Arsenic-, Phosphorus-, and Boron-Doped Silicon",
  author="Masetti , G. and Severi , M.",
journal = "IEEE Transactions on Electron Devices",  
volume = "7",
  year="1983",
  pages = "764--769"
}

@article{Canali:Vsat,
  title="Electron and Hole Drift Velocity Measurements in Silicon and Their Empirical Relation to Electric Field and Temperature",
  author="Canali , C.",
journal = "IEEE Transactions on Electron Devices",  
volume = "22",
  year="1975",
  pages = "1045--1047"
}
@article{Goebel:SRH,
  title="Full Dynamic Power Diode Model Including Temperature Behavior for Use in Circuit Simulations",
  author="Goebel , H and Hoffmann , K.",
journal = "Proceedings of the 4th International Symposium on Power Semiconductor Devices \& ICs",  
  year="1992",
  pages = "130--135"
}

@article{GummelMap,
  title="A Self-Consistent Iterative Scheme for One-Dimensional Steady State Transistor Calculations",
  author="Gummel , H. K.",
journal = "Electron Devices",  
  year="1964",
  pages = "455--465"
}

@article{Gummel:SignAnalys,
  title="Large-signal analysis of a silicon Read diode oscillator",
  author="Gummel , H. K.  and Scharfetter , D.",
journal = "IEEE Trans. Electron Devices",  
  year="1969",
  pages = "64--77"
}

@article{Roberts:MixedHybrid,
  title="Mixed and Hybrid methods",
  author="Roberts , J. and Thomas , J. M.",
journal = "Handbook of Numerical Analysis",  
  year="1991",
  volume="2",
  pages = "523--633"
}

@article{Zikatanov:EAFE2,
  title="An Exponential Fitting Scheme for General Convection-Diffusion Equations on Tetrahedral Meshes",
  author="Zikatanov , L. T. and Lazarov , R. D.",
journal = "Computational and Applied Mathematics",  
volume = "1",  
  year="2012",
  pages = "60--69"
}


@article{DefulhardDamp,
  title="A Modified Newton Method for the Solution of Ill-Conditioned System of Nonlinear Equations with Application to Multiple Shooting",
  author="Deuflhard, P.",
journal = "Numer. Math",  
volume = "22",
  year="1974",
  pages = "289--315"
}

@article{Zikatanov:EAFE1,
  title="A Monotone Finite Element Scheme For Convection-Diffusion Equations",
  author="Xu , Jinchao and Zikatanov , Ludmil",
journal = "Mathematics of Computation",  
volume = "68",
  year="1999",
  pages = "1429--1446"
}

@article{ContactCurrentRM,
  title="Accurate Boundary Integrals Calculation in Semiconductor Device Simulation",
  author="Gusmeroli, R. and Spinelli, A. S.",
  journal = "IEEE transactions on electron devices",  
volume = "53",
  year="2006",
  pages = "1730--1733"
}

@article{BabuskaMixMet,
  title="Generlized finite element methods: Their performance and their relation to mixed methods",
  author="Babu\v{s}ka I. and Osborn J. E.",
journal = "Numer. Anal.",  
volume = "20",
  year="1983",
  pages = "510--536"
}

@article{BankMmatrixEAFE,
  title="The finite volume sharfetter-gummel method for steady convection diffusion equations",
  author="Bank, R. E. and Coughran , W. and Cowsar , L. C.",
journal = "Computing and Visualization in Science",  
volume = "1",
  year="1998",
  pages = "123--136"
}

@article{GalerkMethConsHughes,
  title="The Continuous Galerkin Method Is Locally Conservative",
  author="Hughes, Thomas J.R. and Engel , Gerald  and Mazzei , Luca and Larson , Mats G.",
journal = "Journal of Computational Physics",  
volume = "163",
  year="2000",
  pages = "467--488"
}

@article{Allen:SGformula,
  title="Relaxation methods applied to determine the motion, in two dimensions, of a viscous fluid past a fixed cylinder",
  author="Allen , D. N. G. and Southwell , R. V.",
journal = "Quart. J. Mech. Appl. Math.",  
volume = "8",
  year="1955",
  pages = "129--145"
}

%% THESIS

@phdthesis{TesiDotDeFalco,
     AUTHOR = {De Falco, Carlo}, 
      TITLE = {Quantum Corrected Drift-Diffusion Models and Numerical Simulation of Nanoscale Semiconductor Devices},
       TYPE = {Dottorato di Ricerca in Matematica e Statistica per le Scienze Computazionali},
INSTITUTION = {Universit\`a degli studi di Milano},
       YEAR = {A.A. 2004/2005},
}



%%% BOOK
@book{Ortega:IterNonlinearEq,
  title="Iterative Solution of Nonlinear Equations in Several Variables",
  author="Ortega , J. M. and Rheinboldt , W. C.",
  year="1970",
publisher="Academic Press"
}

@book{NumericalRecipes,
     TITLE = "Numerical Recipes, The Art of Scientific Computing",
    AUTHOR = "William H. Press and Saul A. Teukoisky and William T. Vetterling and Brian P. Flannery",
      YEAR = "2007",
 PUBLISHER = "Cambridge University Press, New York"
}

@book{quarteroni:modnum,
     TITLE = {Modellistica Numerica per Problemi Differenziali},
    AUTHOR = {Quarteroni, Alfio},
      YEAR = {2008},
	isbn = {978-88-470-0841-0},
 PUBLISHER = {Springer Italia, Milan}
}

@book{quarteroni:NumApprox,
     TITLE = {Numerical Approximation of Partial Differential Equations},
    AUTHOR = {Quarteroni, Alfio and Valli , Alberto},
      YEAR = {2008},
 PUBLISHER = {Springer}
}

@book{salsa:EDP,
     TITLE = {Equazioni a Derivate Parziali, metodi, modelli e applicazioni},
    AUTHOR = {Salsa, Sandro},
      YEAR = {2010},
	isbn = {978-88-470-0841-0},
 PUBLISHER = {Springer Italia, Milan}
}

@book{selberherr:SimSem,
     TITLE = {Analysis and Simulation of Semiconductor Devices},
    AUTHOR = {Siegfried, Selberherr},
      YEAR = {1984},
 PUBLISHER = {Springer-Verlag, Wien}
}

@book{SdeviceManual,
     TITLE = {Sentaurus Device User Guide},
     YEAR = {2013},
 PUBLISHER = {Synopsis Inc.}
}\\

@book{ModernVLSIdevices,
  title={Fundamentals of Modern VLSI Devices},
  author={Yuan, Taur and Tak, H. Ning},
  isbn={9780521832946},
  year={2009},
  publisher={Cambridge University Press}
}

@book{SolidState,
  title={Solid State electronic Devices},
  author={Ben G. , Streetman and Banerjee , Sanjay},
  year={2000},
  publisher={New Jersey: Prentice Hall}
}

@book{Jackson:ElettroClassica,
  title={Elettrodinamica Classica},
  author={Jackson , J. D.},
  year={1984},
  publisher={Zanichelli}
}

@book{Pierret:SemiFunda,
  title={Advanced Semiconductor Fundamentals},
  author={Pierret , R. F. and Neudeck , G. W.},
  volume = {6},
  publisher={Prentice Hall}
}

@book{Jerome:AnalyCharTran,
  title={Analysis of Charge Transport},
  author={Jerome , J. W.},
  year = {1996},
  publisher={Springer}
}

@book{Adams:SobolevSpaces,
  title={Sobolev Spaces},
  author={Adams , R. A. and Fournier , J. J. F.},
  year = {2003},
  publisher={Academic Press}
}